
@article{anbarci_revisiting_2018,
	title = {Revisiting loss aversion: {Evidence} from professional tennis},
	volume = {153},
	journal = {Journal of Economic Behavior \& Organization},
	author = {Anbarci, Nejat and Arin, K. Peren and Kuhlenkasper, Torben and Zenker, Christina},
	month = sep,
	year = {2018},
	pages = {1--18},
}

@article{kahneman_psychology_1973,
	title = {On the psychology of prediction.},
	volume = {80},
	number = {4},
	journal = {Psychological Review},
	author = {Kahneman, Daniel and Tversky, Amos},
	year = {1973},
	pages = {237--251},
}

@article{gilovich_hot_1985,
	title = {The hot hand in basketball: {On} the misperception of random sequences},
	volume = {17},
	journal = {Cognitive Psychology},
	author = {Gilovich, Thomas and Vallone, Robert and Tversky, Amos},
	month = jul,
	year = {1985},
	pages = {295--314},
}

@article{raab_simple_2012,
	title = {Simple heuristics in sports},
	volume = {5},
	journal = {International Review of Sport and Exercise Psychology},
	author = {Raab, Markus},
	month = sep,
	year = {2012},
	pages = {104--120},
}

@article{simon_behavioral_1955,
	title = {A {Behavioral} {Model} of {Rational} {Choice}},
	volume = {69},
	journal = {The Quarterly Journal of Economics},
	author = {Simon, Herbert A.},
	month = feb,
	year = {1955},
	pages = {99},
}

@article{kahneman_prospect_1979,
	title = {Prospect {Theory}: {An} {Analysis} of {Decision} under {Risk}},
	volume = {47},
	journal = {Econometrica},
	author = {Kahneman, Daniel and Tversky, Amos},
	month = mar,
	year = {1979},
	pages = {263},
	file = {Submitted Version:/Users/rileyleonard99/Zotero/storage/EWSTGIL4/Kahneman and Tversky - 1979 - Prospect Theory An Analysis of Decision under Ris.pdf:application/pdf},
}

@article{thaler_toward_1980,
	title = {Toward a positive theory of consumer choice},
	volume = {1},
	journal = {Journal of Economic Behavior \& Organization},
	author = {Thaler, Richard},
	month = mar,
	year = {1980},
	pages = {39--60},
}

@article{tversky_judgment_1974,
	title = {Judgment under {Uncertainty}: {Heuristics} and {Biases}: {Biases} in judgments reveal some heuristics of thinking under uncertainty.},
	volume = {185},
	journal = {Science},
	author = {Tversky, Amos and Kahneman, Daniel},
	month = sep,
	year = {1974},
	pages = {1124--1131},
}

@article{sachau_birdie_2012,
	title = {A {Birdie} in the {Hand}: {Asymmetry} in {Golf} {Risk} {Preferences}},
	volume = {1},
	journal = {International Journal of Golf Science},
	author = {Sachau, Dan and Simmering, Luke and Adler, Max},
	month = dec,
	year = {2012},
	pages = {81--89},
}

@article{elmore_loss_2021,
	title = {Loss {Aversion} in {Professional} {Golf}},
	volume = {22},
	journal = {Journal of Sports Economics},
	author = {Elmore, Ryan and Urbaczewski, Andrew},
	month = feb,
	year = {2021},
	pages = {202--217},
}

@article{green_hot_2013,
	title = {The {Hot} {Hand} {Fallacy}: {Cognitive} {Mistakes} or {Equilibrium} {Adjustments}? {Evidence} from {Baseball}},
	volume = {Working Paper No. 3101},
	journal = {Stanford Graduate School of Business},
	author = {Green, Brett and Zwiebel, Jeffrey},
	month = nov,
	year = {2013},
}

@book{james_introduction_2013,
	address = {New York, NY},
	series = {Springer {Texts} in {Statistics}},
	title = {An {Introduction} to {Statistical} {Learning}},
	volume = {103},
	publisher = {Springer New York},
	author = {James, Gareth and Witten, Daniela and Hastie, Trevor and Tibshirani, Robert},
	year = {2013},
}

@article{yashiki_2020,
	title = {To {Swing} or {Not} to {Swing}? {Reference} {Point} and {Professional Baseball} {Players}},
	journal = {SSRN Electronic Journal},
	author = {Yashiki, Koji and Nakazono, Yoshiyuki},
	year = {2020},
}

@article{yee_evaluating_2024,
	title = {Evaluating plate discipline in {Major} {League} {Baseball} with {Bayesian} {Additive} {Regression} {Trees}},
	volume = {20},
	journal = {Journal of Quantitative Analysis in Sports},
	author = {Yee, Ryan and Deshpande, Sameer K.},
	month = mar,
	year = {2024},
	pages = {5--20},
}

@article{toma_over-swinging_2021,
	title = {Over-{Swinging} on 3-2: {Evidence} from {MLB}},
	journal = {SSRN Electronic Journal},
	author = {Toma, Mark},
	year = {2021},
}

@article{healey_using_2017,
	title = {Using {PITCHf}/x to model the dependence of strikeout rate on the predictability of pitch sequences},
	volume = {3},
	journal = {Journal of Sports Analytics},
	author = {Healey, Glenn and Zhao, Shiyuan},
	month = jul,
	year = {2017},
	pages = {93--101},
}

@article{kniffin_within-series_2014,
	title = {Within-series momentum in hockey: {No} returns for running up the score},
	volume = {122},
	journal = {Economics Letters},
	author = {Kniffin, Kevin M. and Mihalek, Vince},
	month = mar,
	year = {2014},
	pages = {400--402},
}

@article{walker_sudden-death_2018,
	title = {Sudden-death aversion: {Avoiding} superior options because they feel riskier},
	volume = {115},
	number = {3},
	journal = {Journal of Personality and Social Psychology},
	author = {Walker, Jesse and Risen, Jane L. and Gilovich, Thomas and Thaler, Richard},
	year = {2018},
	pages = {363--378},
}

@article{martin_shrinkage_2018,
	title = {Shrinkage and {Empirical} {Bayes} to {Improve} {Inference}},
	journal = {Stacked Turtles},
	author = {Martin, Damien},
	month = dec,
	year = {2018},
}


@article{ciardiello_lets_2021,
	title = {Let’s {Take} a {Closer} {Look} at {Hitter} {Swing} {Decisions}},
	journal = {FanGraphs},
	author = {Ciardiello, Carmen},
	month = jun,
	year = {2021},
}

@article{green_what_2014,
	title = {What {Does} {It} {Take} to {Call} a {Strike}? {Three} {Biases} in {Umpire} {Decision} {Making}},
	journal = {SSRN Electronic Journal},
	author = {Green, Etan and Daniels, David P},
	year = {2014},
}

@article{aucoin_quantifying_2019,
	title = {Quantifying {Swing} {Decisions}: {An} {Individualized} {Approach}},
	shorttitle = {Quantifying {Swing} {Decisions}},
	journal = {Driveline Baseball},
	author = {Aucoin, Dan},
	month = jul,
	year = {2019},
}

@misc{weinberg_re24_2014,
	title = {{RE24}: {Run} {Expectancy} {Based} on the 24 {Base}-{Out} {States}},
	journal = {FanGraphs},
	author = {Weinberg, Neil},
	month = jun,
	year = {2014},
}

@misc{noauthor_statcast,
	title = {Statcast: {Advanced} {Tracking} {Technology} and {Metrics}},
	shorttitle = {Statcast},
	journal = {MLB.com},
        year = {2024},
}

  @Manual{baseballr,
    title = {baseballr: Acquiring and Analyzing Baseball Data},
    author = {Bill Petti and Saiem Gilani},
    year = {2023},
  }

 @Article{tidyverse,
    title = {Welcome to the {tidyverse}},
    author = {Hadley Wickham and Mara Averick and Jennifer Bryan and Winston Chang and Lucy D'Agostino McGowan and Romain François and Garrett Grolemund and Alex Hayes and Lionel Henry and Jim Hester and Max Kuhn and Thomas Lin Pedersen and Evan Miller and Stephan Milton Bache and Kirill Müller and Jeroen Ooms and David Robinson and Dana Paige Seidel and Vitalie Spinu and Kohske Takahashi and Davis Vaughan and Claus Wilke and Kara Woo and Hiroaki Yutani},
    year = {2019},
    journal = {Journal of Open Source Software},
    volume = {4},
    number = {43},
    pages = {1686},
  }

 @Manual{stargazer,
    title = {stargazer: Well-Formatted Regression and Summary Statistics Tables},
    author = {Marek Hlavac},
    year = {2022},
    note = {R package version 5.2.3},
    organization = {Social Policy Institute},
    address = {Bratislava, Slovakia},
  }

@article{mould_quantifying_2022,
	title = {Quantifying {Hitter} {Plate} {Discipline} with {EAGLE}},
	journal = {Baseball Prospectus},
	author = {Mould, Joshua},
	month = apr,
	year = {2022},
}

@book{Kahneman11,
  address = {New York},
  author = {Kahneman, Daniel},
  publisher = {Farrar, Straus and Giroux},
  referencetype = {book},
  timestamp = {2019-07-07T18:15:29.000+0200},
  title = {Thinking, Fast and Slow},
  year = {2011},
}

@article{Quinton17,
    title = {Don't {Blink}: The {Science} of a 100mph {Fastball}},
    journal = {The Seattle Times},
    author = {Quinton, Sean},
    month = mar,
    year = {2017},
}

@article{Castrovince23,
    title = {Pitch timer, shift restrictions among announced rule changes for '23},
    journal = {MLB.com},
    author = {Castrovince, Anthony},
    month = feb,
    year = {2023},
}

  @Manual{caret,
    title = {caret: Classification and Regression Training},
    author = {Max Kuhn},
    year = {2022},
    note = {R package version 6.0-93},
  }

@article{slowinski10,
	title = {Sample {Size}},
	journal = {FanGraphs},
	author = {Slowinski, Piper},
	month = feb,
	year = {2010},
}

@article{Gill12,
    Author = {Gill, David and Prowse, Victoria},
    Title = {A Structural Analysis of Disappointment Aversion in a Real Effort Competition},
    Journal = {American Economic Review},
    Volume = {102},
    Number = {1},
    Year = {2012},
    Month = {February},
    Pages = {469-503}
}